 @misc{WSem01,
	author = "Wikipedia",
	title = "Spider-Man 2 --- Wikipedia{,} die freie Enzyklopädie",
	year = "2022",
	url = "https://de.wikipedia.org/wiki/Spider-Man_2",
	note = "[Online; Stand 25. Oktober 2022]"
}

 @misc{ WSem02,
	author = "Wikipedia",
	title = "Meilen pro Stunde --- Wikipedia{,} die freie Enzyklopädie",
	year = "2021",
	url = "https://de.wikipedia.org/wiki/Meilen_pro_Stunde",
	note = "[Online; Stand 25. Oktober 2022]"
}

  @misc{ WSem03,
	author = "{Wikipedia}",
	title = "2200-series (CTA) --- Wikipedia{,} die freie Enzyklopädie",
	year = "2022",
	url = "https://en.wikipedia.org/wiki/2200-series_(CTA)",
	note = "[Online; Stand 25. October 2022]"
}
@article{WSem04,
	abstract = {Das durchschnittliche Gewicht stieg um rund sieben Kilogramm an.},
	author = {Mauritz, Ernst},
	year = {04.08.2016},
	title = {US-Bürger sind so dick wie noch nie},
	url = {https://kurier.at/wissen/us-buerger-sind-so-dick-wie-noch-nie/213.657.105},
	urldate = {25.10.2022},
	journal = {kurier.at},
	file = {258c676a-d444-47e2-982c-b57ac60e9be9:C\:\\Users\\mail\\AppData\\Local\\Swiss Academic Software\\Citavi 6\\ProjectCache\\lbfwatiqcxt9nxvbg0s8kwhkc1sx696fgke2s342ypw3e7ix3lx\\Citavi Attachments\\258c676a-d444-47e2-982c-b57ac60e9be9.pdf:pdf}
}

@misc{WSem06,
	author = {Spahn, Franziska and Setzke, Andrea},
	year = {10.07.13},
	title = {Spinnenseidenproteine},
	url = {http://daten.didaktikchemie.uni-bayreuth.de/umat/proteine_spinne/archiv/spinnenseide.htm},
	address = {Bayreuth},
	series = {{\"U}bungen im Vortragen mit Demonstrationen - Organische Chemie},
	institutions = {{Universit{\"a}t Bayreuth}}
}

@book{WSem07,
	author = {Tipler, Paul A. and Mosca, Gene and Kersten, Peter and Wagner, Jenny},
	year = {2019},
	title = {Physik},
	address = {Berlin, Heidelberg},
	publisher = {{Springer Berlin Heidelberg}},
	doi = {10.1007/978-3-662-58281-7},
	pages = {360}
}
@article{WSem09,
	author = {Salditt, Tim and Glisovic, Anja},
	year = {2005},
	title = {Am seidenen Faden: Spinnenfaden als Hochleistungsmaterial},
	url = {http://webdoc.sub.gwdg.de/pub/zss/Georgia-Augusta/Dez2005/pdf/6d3e0b2b6a66c8b6dff569b1cabef0d5.pdf},
	urldate = {26.10.2022},
	pages = {16--21},
	number = {4},
	journal = {GEOORGIA AUGUSTA}
}

@misc{WSem08,
	author = {M{\"u}ller, Martin},
	year = {29.05.2006},
	title = {Vorlesung Biomaterialien: Spinnenseide},
	address = {Kiel},
	number = {6},
	institution = {{Universit{\"a}t Kiel}},
	howpublished = {Vorlesungsfolien}
}

@misc{WSem10,
	abstract = {Spider-Man wurde von Stan Lee und Steve Ditko 1962 erfunden und in Amazing Fantasy {\#}15 vorgestellt. Als ihm der Biss einer verstrahlten Spinne Superkr{\"a}fte verleiht, wird Peter Parker zu Spider-Man. Zuerst nutzt er die Kr{\"a}fte f{\"u}r eine Wrestler-Karriere. Doch als er unfreiwillig den Unfall seines Onkel Ben mitverschuldet, begreift er, dass gro{\ss}e Macht gro{\ss}e Verantwortung bringt. Aus Peter wird so ein echter, wahrer Held. Peter Benjamin Parker wurde als Sohn des C.I.A. Agenten Richard und Mary Park},
	author = {{Marvel Charaktere Wiki}},
	year = {24.10.2022},
	title = {Spider-Man},
	url = {https://marvel-charaktere.fandom.com/de/wiki/Spider-Man},
	urldate = {26.10.2022}
}

 @misc{ WSem11,
   author = "Wikipedia",
   title = "Tobey Maguire --- Wikipedia{,} die freie Enzyklopädie",
   year = "2022",
   url = "https://de.wikipedia.org/wiki/Tobey_Maguire",
   note = "[Online; Stand 30. Oktober 2022]"
 }